<record><leader>00000cas a22000007a 4500</leader><controlfield tag="001">13181781</controlfield><controlfield tag="008">860221d18391840wvumr ne      0    0eng d</controlfield><controlfield tag="009">6116</controlfield><datafield ind1=" " ind2=" " tag="010"><subfield code="a">sn 86092239 </subfield></datafield><datafield ind1=" " ind2=" " tag="040"><subfield code="a">WVC</subfield><subfield code="b">eng</subfield><subfield code="c">WVC</subfield><subfield code="d">DLC</subfield><subfield code="d">OCL</subfield></datafield><datafield ind1=" " ind2=" " tag="042"><subfield code="a">msc</subfield></datafield><datafield ind1="0" ind2="0" tag="245"><subfield code="a">Mount Pleasant silk culturist and farmer's manual:</subfield><subfield code="b">devoted to the growth and manufacture of silk and beet sugar, and the improvement of agriculture, horticulture, and rural and domestic economy.</subfield></datafield><datafield ind1="1" ind2="3" tag="246"><subfield code="a">Silk culturist</subfield></datafield><datafield ind1=" " ind2=" " tag="260"><subfield code="a">Brandonville, Va. [W. Va.] :</subfield><subfield code="b">Jacob Alter,</subfield><subfield code="c">1839-</subfield></datafield><datafield ind1=" " ind2=" " tag="300"><subfield code="a">v.</subfield></datafield><datafield ind1=" " ind2=" " tag="310"><subfield code="a">Monthly</subfield></datafield><datafield ind1="0" ind2=" " tag="362"><subfield code="a">Vol. 1, no. 1 (June, 1839)-</subfield></datafield><datafield ind1="1" ind2=" " tag="362"><subfield code="a">Ceased in May 1840?</subfield><subfield code="z">Cf. Norona and Shetler.  W.Va. Imprints.</subfield></datafield><datafield ind1=" " ind2=" " tag="752"><subfield code="a">United States</subfield><subfield code="b">West Virginia</subfield><subfield code="c">Preston</subfield><subfield code="d">Brandonville.</subfield></datafield></record>